Plačiau apie šaltinių tipus ir jų atributus:
http://mirror.datacenter.by/pub/mirrors/CTAN/macros/latex/contrib/biblatex/doc/biblatex.pdf#subsection.2.1

@misc{WhoInt,
    author={World Health Organization},
    title={Deafness and hearing loss},
    howpublished={\url{http://www.who.int/en/news-room/fact-sheets/detail/deafness-and-hearing-loss}},
    year={2018},
}
@misc{Gall,
	author={Gallaudet University Library},
	title={ASL: Ranking and number of users},
	howpublished={\urt{http://libguides.gallaudet.edu/c.php?g=773913&p=5552647}},
	year={2004}
}
@article{DBLP:journals/corr/Lipton15,
	author    = {Zachary Chase Lipton},
	title     = {A Critical Review of Recurrent Neural Networks for Sequence Learning},
	journal   = {CoRR},
	volume    = {abs/1506.00019},
	year      = {2015},
	url       = {http://arxiv.org/abs/1506.00019},
	archivePrefix = {arXiv},
	eprint    = {1506.00019},
	timestamp = {Wed, 07 Jun 2017 14:40:13 +0200},
	biburl    = {https://dblp.org/rec/bib/journals/corr/Lipton15},
	bibsource = {dblp computer science bibliography, https://dblp.org}
}

@article{DBLP:journals/corr/abs-1207-0580,
	author    = {Geoffrey E. Hinton and
	Nitish Srivastava and
	Alex Krizhevsky and
	Ilya Sutskever and
	Ruslan Salakhutdinov},
	title     = {Improving neural networks by preventing co-adaptation of feature detectors},
	journal   = {CoRR},
	volume    = {abs/1207.0580},
	year      = {2012},
	url       = {http://arxiv.org/abs/1207.0580},
	archivePrefix = {arXiv},
	eprint    = {1207.0580},
	timestamp = {Wed, 07 Jun 2017 14:40:12 +0200},
	biburl    = {https://dblp.org/rec/bib/journals/corr/abs-1207-0580},
	bibsource = {dblp computer science bibliography, https://dblp.org}
}


@book{Hay09,  
	author={Simon Haykin},
	title={Neural Networks and Learning Machines},
	publisher={Pearson Education inc.},
	year={2009},
	address={Upper Saddle River, New Jersey 07458},
	note={1 psl.},
}

@incollection{NIPS2012_4824,
	title = {ImageNet Classification with Deep Convolutional Neural Networks},
	author = {Alex Krizhevsky and Sutskever, Ilya and Hinton, Geoffrey E},
	booktitle = {Advances in Neural Information Processing Systems 25},
	editor = {F. Pereira and C. J. C. Burges and L. Bottou and K. Q. Weinberger},
	pages = {1097--1105},
	year = {2012},
	publisher = {Curran Associates, Inc.},
	url = {http://papers.nips.cc/paper/4824-imagenet-classification-with-deep-convolutional-neural-networks.pdf}
}

@article{doi:10.1080/09332480.2014.914768,
author = {Christian Robert},
title = {Machine Learning, a Probabilistic Perspective},
journal = {CHANCE},
volume = {27},
number = {2},
pages = {62-63},
year  = {2014},
publisher = {Taylor & Francis},
doi = {10.1080/09332480.2014.914768},

URL = { 
        https://doi.org/10.1080/09332480.2014.914768
    
},
eprint = { 
        https://doi.org/10.1080/09332480.2014.914768
    
}

}


%https://arxiv.org/pdf/1712.01815.pdf

%@article{PvzStraipsnLt,
%    author={A. Pavardenis and B. Pavardonis and C. Pavardauskas},
%    title={Straipsnio pavadinimas},
%    journal={Žurnalo pavadinimas},
%    year={2001},
%    volume={IV},
%    pages={8-17},
%} 
%
%@article{PvzStraipsnEn,
%    author={A. Surname and B. Tsurname and C. Usurname},
%    title={Article Title},
%    journal={Journal Title},
%    year={2001},
%    volume={IV},
%    pages={3-15},
%    langid={english},
%} 
%
%@inproceedings{PvzKonfLt,
%    author={A. Pavardenis and B. Pavardonis and C. Pavardauskas and D. Pavardinskas},
%    title={Straipsnio pavadinimas},
%    booktitle={Rinkinio pavadinimas},
%    year={2002},
%    publisher={Leidykla},
%    address={Miestas, šalis},
%    pages={3-15},
%}
%
%@inproceedings{PvzKonfEn,
%    author={A. Surname and B. Tsurname and C. Usurname and D. Vsurname},
%    title={Article title},
%    booktitle={Conference book title},
%    year={2002},
%    publisher={Publisher},
%    address={City, country},
%    pages={3-15},
%    langid={english},
%}
%
%@book{PvzKnygLt,  
%    author={A. Pavardenis and B. Pavardonis and C. Pavardauskas},
%    title={Knygos pavadinimas},
%    publisher={Leidykla},
%    year={2003},
%    address={Miestas, šalis},
%    note={172 psl.},
%}
%
%@book{PvzKnygEn,  
%    author={A. Surname and B. Tsurname and C. Usurname},
%    title={Book title},
%    publisher={Publisher},
%    year={2003},
%    address={City, country},
%    note={172 p.},
%    langid={english},
%}
%
%@misc{PvzElPubLt,
%    author={A. Pavardenis and B. Pavardonis and C. Šavardauskas},
%    title={Elektroninės publikacijos pavadinimas},
%    howpublished={\url{http://example.com/kelias/iki/straipsnio.pdf}},
%    year={2004}, 
%    note={45 KB, tikrinta 2015-02-01},
%}
%
%@misc{PvzElPubEn,
%    author={A. Surname and B. Tsurname and C. Usurname},
%    title={Online Source Title},
%    howpublished={\url{http://example.com/path/to/the/article.pdf}},
%    year={2004}, 
%    note={45 KB, accessed 2015-02-01.},
%    langid={english},
%}
%
%@mastersthesis{PvzMagistrLt,
%    author={A. Pavardonis},
%    title={Magistrinio darbo pavadinimas},
%    school={Universiteto pavadinimas},
%    year={2005},
%}
%
%@phdthesis{PvzPhdEn,
%    author={A. Surname},
%    title={Ttitle of PhD thesis},
%    school={Title of university},
%    year={2005},
%    langid={english},
%}
